<?xml version="1.0" encoding="UTF-8"?><collection xmlns="http://www.loc.gov/MARC21/slim"><record><leader>00492nam--2200157-u-4500</leader><controlfield tag="001">000056338</controlfield><controlfield tag="002">20161230</controlfield><controlfield tag="005">20161230201052</controlfield><controlfield tag="008">150706s1000------------r-----000-0-eng-d</controlfield><datafield ind1=" " ind2=" " tag="040"><subfield code="a">IFIN-HH</subfield></datafield><datafield ind1="1" ind2=" " tag="100"><subfield code="a">Croitoru, Cornelia</subfield></datafield><datafield ind1="1" ind2="0" tag="245"><subfield code="a">Modelarea separarii izotopice in instalatii de cncentrare a apei grele prin schimb chimic apa - hidrogen sulfurat</subfield><subfield code="c">Cornelia croitoru</subfield></datafield><datafield ind1=" " ind2=" " tag="260"><subfield code="a">Sibiu</subfield><subfield code="b">Editura Tehno Madia</subfield><subfield code="c">2011</subfield></datafield><datafield ind1=" " ind2=" " tag="300"><subfield code="a">167P</subfield></datafield><datafield ind1=" " ind2=" " tag="852"><subfield code="a">82415</subfield><subfield code="c">547</subfield></datafield><datafield ind1=" " ind2=" " tag="CAT"><subfield code="a">Sys</subfield><subfield code="c">20150709</subfield><subfield code="h">084210</subfield></datafield></record></collection>